@book{Loeliger,
author="Loeliger, Jon and McCullough, Matthew",
title="Version Control with Git",
note="Deuxième édition, deuxième révision",
publisher="O'Reilly Media Inc.",
year="2012",
month="Août",
address="Sebastopol, Californie, États-Unis",
}

@misc{SemVer,
author="Preston-Werner, Tom",
title="Semantic Versioning 2.0.0",
howpublished={\url{http://semver.org/}},
year="2013",
month="Juin",
}